@article{xu2010autonomous,
  title={Autonomous rendezvous and robotic capturing of non-cooperative target in space},
  author={Xu, Wenfu and Liang, Bin and Li, Cheng and Xu, Yangsheng},
  journal={Robotica},
  volume={28},
  number={05},
  pages={705--718},
  year={2010},
  publisher={Cambridge Univ Press}
}

@inproceedings{rafi2006autonomous,
  title={Autonomous target following by unmanned aerial vehicles},
  author={Rafi, Fahd and Khan, Saad and Shafiq, Khurram and Shah, Mubarak},
  booktitle={Defense and Security Symposium},
  pages={623010--623010},
  year={2006},
  organization={International Society for Optics and Photonics}
}

@article{tsalatsanis2007vision,
  title={Vision based target tracking and collision avoidance for mobile robots},
  author={Tsalatsanis, Athanasios and Valavanis, K and Yalcin, Ali},
  journal={Journal of Intelligent and Robotic Systems},
  volume={48},
  number={2},
  pages={285--304},
  year={2007},
  publisher={Springer}
}



@article{zhou2004visual,
  title={Visual tracking and recognition using appearance-adaptive models in particle filters},
  author={Zhou, Shaohua Kevin and Chellappa, Rama and Moghaddam, Baback},
  journal={Image Processing, IEEE Transactions on},
  volume={13},
  number={11},
  pages={1491--1506},
  year={2004},
  publisher={IEEE}
}



@incollection{okuma2004boosted,
  title={A boosted particle filter: Multitarget detection and tracking},
  author={Okuma, Kenji and Taleghani, Ali and De Freitas, Nando and Little, James J and Lowe, David G},
  booktitle={Computer Vision-ECCV 2004},
  pages={28--39},
  year={2004},
  publisher={Springer}
}


@article{li2005survey,
  title={Survey of maneuvering target tracking. Part V. Multiple-model methods},
  author={Li, X Rong and Jilkov, Vesselin P},
  journal={Aerospace and Electronic Systems, IEEE Transactions on},
  volume={41},
  number={4},
  pages={1255--1321},
  year={2005},
  publisher={IEEE}
}
@book{kochenderfer2015decision,
  title={Decision making under uncertainty: theory and application},
  author={Kochenderfer, Mykel J and Amato, Christopher and Reynolds, Hayley J Davison},
  year={2015},
  publisher={MIT press}
}

@inproceedings{bouffard2012learning,
  title={Learning-based model predictive control on a quadrotor: Onboard implementation and experimental results},
  author={Bouffard, Patrick and Aswani, Anil and Tomlin, Claire},
  booktitle={Robotics and Automation (ICRA), 2012 IEEE International Conference on},
  pages={279--284},
  year={2012},
  organization={IEEE}
}
@article{wenzel2006dual,
  title={Dual extended Kalman filter for vehicle state and parameter estimation},
  author={Wenzel, Thomas A and Burnham, KJ and Blundell, MV and Williams, RA},
  journal={Vehicle System Dynamics},
  volume={44},
  number={2},
  pages={153--171},
  year={2006},
  publisher={Taylor \& Francis}
}
@article{ljung1979asymptotic,
  title={Asymptotic behavior of the extended Kalman filter as a parameter estimator for linear systems},
  author={Ljung, Lennart},
  journal={Automatic Control, IEEE Transactions on},
  volume={24},
  number={1},
  pages={36--50},
  year={1979},
  publisher={IEEE}
}

